<record><leader>00000cas a2200000 a 4500</leader><controlfield tag="001">15726453</controlfield><controlfield tag="008">870522d18451847iluwr ne      0   a0eng c</controlfield><datafield ind1=" " ind2=" " tag="010"><subfield code="a">sn 87082618 </subfield></datafield><datafield ind1=" " ind2=" " tag="040"><subfield code="a">NPV</subfield><subfield code="b">eng</subfield><subfield code="c">NPV</subfield><subfield code="d">YOX</subfield><subfield code="d">NVF</subfield><subfield code="d">OCL</subfield><subfield code="d">CVF</subfield><subfield code="d">KRTAS</subfield><subfield code="d">NVF</subfield><subfield code="d">OCLCQ</subfield><subfield code="d">OCLCF</subfield><subfield code="d">NVF</subfield><subfield code="d">OCLCO</subfield><subfield code="d">OCLCA</subfield><subfield code="d">NVF</subfield><subfield code="d">OCLCO</subfield><subfield code="d">NVF</subfield></datafield><datafield ind1=" " ind2=" " tag="042"><subfield code="a">pcc</subfield></datafield><datafield ind1=" " ind2=" " tag="043"><subfield code="a">n-us-il</subfield></datafield><datafield ind1="0" ind2="0" tag="245"><subfield code="a">Little Fort porcupine and Democratic banner.</subfield></datafield><datafield ind1="1" ind2="3" tag="246"><subfield code="a">Porcupine &amp; banner</subfield></datafield><datafield ind1="3" ind2=" " tag="246"><subfield code="a">Porcupine and banner</subfield></datafield><datafield ind1=" " ind2=" " tag="260"><subfield code="a">Little Fort [i.e., Waukegan], Lake County, Ill. :</subfield><subfield code="b">N.W. Fuller,</subfield><subfield code="c">1845-1847.</subfield></datafield><datafield ind1=" " ind2=" " tag="300"><subfield code="a">volumes</subfield></datafield><datafield ind1=" " ind2=" " tag="310"><subfield code="a">Weekly</subfield></datafield><datafield ind1="0" ind2=" " tag="362"><subfield code="a">Vol. 1, no. 1 (Mar. 2, 1845)-Apr. 8, 1847.</subfield></datafield><datafield ind1=" " ind2=" " tag="500"><subfield code="a">Little Fort, Ill. changed its name to Waukegan in 1849.</subfield></datafield><datafield ind1=" " ind2=" " tag="500"><subfield code="a">"Equal and exact justice to all."</subfield></datafield><datafield ind1=" " ind2="0" tag="651"><subfield code="a">Waukegan (Ill.)</subfield><subfield code="v">Newspapers.</subfield></datafield><datafield ind1=" " ind2="0" tag="651"><subfield code="a">Lake County (Ill.)</subfield><subfield code="v">Newspapers.</subfield></datafield><datafield ind1=" " ind2="7" tag="651"><subfield code="a">Illinois</subfield><subfield code="z">Lake County.</subfield><subfield code="2">fast</subfield><subfield code="0">(OCoLC)fst01207386</subfield></datafield><datafield ind1=" " ind2="7" tag="655"><subfield code="a">Newspapers.</subfield><subfield code="2">fast</subfield><subfield code="0">(OCoLC)fst01423814</subfield></datafield><datafield ind1=" " ind2=" " tag="752"><subfield code="a">United States</subfield><subfield code="b">Illinois</subfield><subfield code="c">Lake County</subfield><subfield code="d">Little Fort.</subfield></datafield><datafield ind1=" " ind2=" " tag="752"><subfield code="a">United States</subfield><subfield code="b">Illinois</subfield><subfield code="c">Lake County</subfield><subfield code="d">Waukegan.</subfield></datafield><datafield ind1=" " ind2=" " tag="938"><subfield code="a">Kirtas Technologies, Inc.</subfield><subfield code="b">KRTS</subfield><subfield code="n">740096</subfield></datafield><datafield ind1="1" ind2=" " tag="029"><subfield code="a">AU@</subfield><subfield code="b">000025818917</subfield></datafield></record>